@Inbook{Valdez2007,
author="Valdez, Mario Garc{\'i}a
and Sandoval, Guillermo Licea
and Castillo, Oscar
and Garza, Arnulfo Alanis",
editor="Castillo, Oscar
and Melin, Patricia
and Ross, Oscar Montiel
and Sep{\'u}lveda Cruz, Roberto
and Pedrycz, Witold
and Kacprzyk, Janusz",
chapter="A Fuzzy Approach for the Sequencing of Didactic Resources in Educational Adaptive Hypermedia Systems",
title="Theoretical Advances and Applications of Fuzzy Logic and Soft Computing",
year="2007",
publisher="Springer Berlin Heidelberg",
address="Berlin, Heidelberg",
pages="885--892",
isbn="978-3-540-72434-6",
doi="10.1007/978-3-540-72434-6_90",
url="http://dx.doi.org/10.1007/978-3-540-72434-6_90"
}

